% This file was created with JabRef 2.7b.
% Encoding: UTF8

@MISC{Amundsen2010,
  author = {Amundsen, Mike},
  title = {Fielding Property Maps},
  howpublished = {\url{http://amundsen.com/examples/fielding-props/}},
  month = {3},
  year = {2010},
  owner = {thkoch},
  timestamp = {2011.11.11}
}

@TECHREPORT{RFC6352,
  author = {C. Daboo},
  title = {CardDAV: vCard Extensions to Web Distributed Authoring and Versioning
	(WebDAV)},
  institution = {{RFC Editor}},
  year = {2011},
  type = {{RFC}},
  number = {6352},
  month = {August},
  __markedentry = {[thkoch:6]},
  howpublished = {Internet Requests for Comments},
  owner = {thkoch},
  publisher = {{RFC Editor}},
  timestamp = {2011.11.21}
}

@TECHREPORT{RFC5546,
  author = {C. Daboo},
  title = {iCalendar Transport-Independent Interoperability Protocol (iTIP)},
  institution = {{RFC Editor}},
  year = {2009},
  type = {{RFC}},
  number = {5546},
  month = {December},
  __markedentry = {[thkoch:6]},
  howpublished = {Internet Requests for Comments},
  owner = {thkoch},
  publisher = {{RFC Editor}},
  timestamp = {2011.11.21}
}

@TECHREPORT{RFC4791,
  author = {C. Daboo and B. Desruisseaux and L. Dusseault},
  title = {Calendaring Extensions to WebDAV (CalDAV)},
  institution = {{RFC Editor}},
  year = {2007},
  type = {{RFC}},
  number = {4791},
  month = {March},
  __markedentry = {[thkoch:6]},
  howpublished = {Internet Requests for Comments},
  owner = {thkoch},
  publisher = {{RFC Editor}},
  timestamp = {2011.11.21}
}

@TECHREPORT{RFC6321,
  author = {C. Daboo and M. Douglass and S. Lees},
  title = {xCal: The XML Format for iCalendar},
  institution = {{RFC Editor}},
  year = {2011},
  type = {{RFC}},
  number = {6321},
  month = {August},
  __markedentry = {[thkoch:6]},
  howpublished = {Internet Requests for Comments},
  owner = {thkoch},
  publisher = {{RFC Editor}},
  timestamp = {2011.11.21}
}

@TECHREPORT{RFC5545,
  author = {B. Desruisseaux},
  title = {Internet Calendaring and Scheduling Core Object Specification (iCalendar)},
  institution = {{RFC Editor}},
  year = {2009},
  type = {{RFC}},
  number = {5545},
  month = {September},
  __markedentry = {[thkoch:6]},
  howpublished = {Internet Requests for Comments},
  owner = {thkoch},
  publisher = {{RFC Editor}},
  timestamp = {2011.11.21}
}

@TECHREPORT{RFC4918,
  author = {L. Dusseault},
  title = {HTTP Extensions for Web Distributed Authoring and Versioning (WebDAV)},
  institution = {{RFC Editor}},
  year = {2007},
  type = {{RFC}},
  number = {4918},
  month = {June},
  __markedentry = {[thkoch:6]},
  howpublished = {Internet Requests for Comments},
  owner = {thkoch},
  publisher = {{RFC Editor}},
  timestamp = {2011.11.21}
}

@TECHREPORT{RFC5333,
  author = {R. Mahy and B. Hoeneisen},
  title = {IANA Registration of Enumservices for Internet Calendaring},
  institution = {{RFC Editor}},
  year = {2009},
  type = {{RFC}},
  number = {5333},
  month = {October},
  __markedentry = {[thkoch:6]},
  howpublished = {Internet Requests for Comments},
  owner = {thkoch},
  publisher = {{RFC Editor}},
  timestamp = {2011.11.21}
}

@TECHREPORT{RFC6047,
  author = {A. Melnikov},
  title = {iCalendar Message-Based Interoperability Protocol (iMIP)},
  institution = {{RFC Editor}},
  year = {2010},
  type = {{RFC}},
  number = {6047},
  month = {December},
  __markedentry = {[thkoch:6]},
  howpublished = {Internet Requests for Comments},
  owner = {thkoch},
  publisher = {{RFC Editor}},
  timestamp = {2011.11.21}
}

@TECHREPORT{RFC6350,
  author = {S. Perreault},
  title = {vCard Format Specification},
  institution = {{RFC Editor}},
  year = {2011},
  type = {{RFC}},
  number = {6350},
  month = {August},
  __markedentry = {[thkoch:6]},
  howpublished = {Internet Requests for Comments},
  owner = {thkoch},
  publisher = {{RFC Editor}},
  timestamp = {2011.11.21}
}

@TECHREPORT{RFC6351,
  author = {S. Perreault},
  title = {xCard: vCard XML Representation},
  institution = {{RFC Editor}},
  year = {2011},
  type = {{RFC}},
  number = {6351},
  month = {August},
  __markedentry = {[thkoch:6]},
  howpublished = {Internet Requests for Comments},
  owner = {thkoch},
  publisher = {{RFC Editor}},
  timestamp = {2011.11.21}
}

@TECHREPORT{RFC3117,
  author = {M. Rose},
  title = {On the Design of Application Protocols},
  institution = {{RFC Editor}},
  year = {2001},
  type = {{RFC}},
  number = {3117},
  month = {November},
  __markedentry = {[thkoch:6]},
  howpublished = {Internet Requests for Comments},
  owner = {thkoch},
  publisher = {{RFC Editor}},
  timestamp = {2011.11.21}
}

@TECHREPORT{RFC2739,
  author = {T. Small and D. Hennessy and F. Dawson},
  title = {Calendar Attributes for vCard and LDAP},
  institution = {{RFC Editor}},
  year = {2000},
  type = {{RFC}},
  number = {2739},
  month = {January},
  __markedentry = {[thkoch:6]},
  howpublished = {Internet Requests for Comments},
  owner = {thkoch},
  publisher = {{RFC Editor}},
  timestamp = {2011.11.21}
}

@BOOK{Tilkov2011,
  title = {REST und HTTP: Einsatz der Architektur des Web f√ºr Integrationsszenarien},
  publisher = {DPUNKT VERLAG},
  year = {2011},
  author = {Tilkov, Stefan},
  edition = {2},
  comment = {http://rest-http.info}
}

@ARTICLE{Tilkov2006,
  author = {Tilkov, Stefan},
  title = {REST: Die Architektur des Web},
  journal = {OBJEKTspektrum},
  year = {2006},
  volume = {5},
  pages = {63--69},
  number = {4},
  owner = {thkoch},
  publisher = {innoq},
  timestamp = {2011.11.09},
  url = {http://www.sigs.de/publications/os/2006/05/tilkov_ghadir_OS_05_06.pdf}
}

@comment{jabref-meta: selector_publisher:}

@comment{jabref-meta: selector_author:}

@comment{jabref-meta: selector_journal:}

@comment{jabref-meta: selector_keywords:}

@comment{jabref-meta: groupsversion:3;}

@comment{jabref-meta: groupstree:
0 AllEntriesGroup:;
1 KeywordGroup:RFC\;0\;Bibtexkey\;^RFC\\\\d+$\;1\;1\;;
1 ExplicitGroup:protocols\;0\;RFC3117\;RFC4791\;RFC6352\;;
1 ExplicitGroup:calendaring\;0\;RFC2739\;RFC4791\;RFC5333\;RFC5545\;RF
C5546\;RFC6047\;RFC6321\;;
1 ExplicitGroup:contacts\;0\;RFC6350\;RFC6351\;RFC6352\;;
1 ExplicitGroup:REST\;0\;Amundsen2010\;Tilkov2006\;Tilkov2011\;;
}

